@inbook{Wasilewski2011,
  title = {An Introduction to ECG Interpretation},
  ISBN = {9780857298683},
  url = {http://dx.doi.org/10.1007/978-0-85729-868-3_1},
  DOI = {10.1007/978-0-85729-868-3_1},
  booktitle = {ECG Signal Processing,  Classification and Interpretation},
  publisher = {Springer London},
  author = {Wasilewski,  Jarosław and Poloński,  Lech},
  year = {2011},
  month = 8,
  pages = {1–20}
}

@book{Bada2010,
  title = {Základy klinickej elektrokardiografie},
  ISBN = {9788022328210},
  publisher = {Univerzita Komenského},
  author = {Bada, Viliam},
  year = {2010},
  place = {Bratislava},
  pages = {123}
}

@misc{Britannica_2024, 
    title={Heart}, 
    url={https://www.britannica.com/science/heart}, journal={Encyclopædia Britannica}, 
    year={2024}, 
    month=2
} 

@inbook{Weinhaus,
  title = {Anatomy of the Human Heart},
  ISBN = {9781588294432},
  url = {http://dx.doi.org/10.1007/978-1-59259-835-9_4},
  DOI = {10.1007/978-1-59259-835-9_4},
  booktitle = {Handbook of Cardiac Anatomy,  Physiology,  and Devices},
  publisher = {Humana Press},
  author = {Weinhaus,  Anthony J. and Roberts,  Kenneth P.},
  pages = {51–79}
}

@article{Rooke2021TheEA,
  title={The Electrical Activity of the Heart},
  author={Thom W Rooke and D. M. and Harvey V. Sparks},
  journal={Clinical Electrocardiography},
  year={2021},
  url={https://api.semanticscholar.org/CorpusID:264706553}
}

@misc{Pančík_2016, 
    title={Srdcovo-Cievna Sústava}, 
    url={https://biopedia.sk/clovek/srdcovo-cievna-sustava}, 
    journal={Biopedia.sk}, 
    author={Pančík, Peter}, 
    year={2016}, 
    month=12
} 

@misc{Blahút_2017, 
    title={Akčný Potenciál}, 
    url={https://www.techmed.sk/akcny-potencial/}, journal={TECHmED}, 
    publisher={TECHmED}, 
    author={Blahút, Peter}, 
    year={2017}, 
    month=9
} 

@book{Foster_2007,
  ISBN = {9781846285929},
  url = {http://dx.doi.org/10.1007/978-1-84628-610-0},
  DOI = {10.1007/978-1-84628-610-0},
  author={Foster, Bruce}, 
  publisher = {Springer London},
  year = {2007}
}

@article{Garvey2006,
  title = {ECG Techniques and Technologies},
  volume = {24},
  ISSN = {0733-8627},
  url = {http://dx.doi.org/10.1016/j.emc.2005.08.013},
  DOI = {10.1016/j.emc.2005.08.013},
  number = {1},
  journal = {Emergency Medicine Clinics of North America},
  publisher = {Elsevier BV},
  author = {Garvey,  J. Lee},
  year = {2006},
  month = 2,
  pages = {209–225}
}

@article{Marozas2011,
  title = {A comparison of conductive textile-based and silver/silver chloride gel electrodes in exercise electrocardiogram recordings},
  volume = {44},
  ISSN = {0022-0736},
  url = {http://dx.doi.org/10.1016/j.jelectrocard.2010.12.004},
  DOI = {10.1016/j.jelectrocard.2010.12.004},
  number = {2},
  journal = {Journal of Electrocardiology},
  publisher = {Elsevier BV},
  author = {Marozas,  Vaidotas and Petrenas,  Andrius and Daukantas,  Saulius and Lukosevicius,  Arunas},
  year = {2011},
  month = 3,
  pages = {189–194}
}

@book{Roubík2007,
  title = {Fyzikální chemie pro biomedicínské inženýrství},
  ISBN = {9788001037881},
  publisher = {Nakladatelství ČVUT},
  author = {Roubík, Karel},
  year = {2007},
  place = {Praha},
  pages = {145}
}

@article{Arquilla2020,
  title = {Textile Electrocardiogram (ECG) Electrodes for Wearable Health Monitoring},
  volume = {20},
  ISSN = {1424-8220},
  url = {http://dx.doi.org/10.3390/s20041013},
  DOI = {10.3390/s20041013},
  number = {4},
  journal = {Sensors},
  publisher = {MDPI AG},
  author = {Arquilla,  Katya and Webb,  Andrea and Anderson,  Allison},
  year = {2020},
  month = 2,
  pages = {1013}
}

@inbook{Metshein2021,
  title = {Coupling and electrodes},
  url = {http://dx.doi.org/10.1016/B978-0-12-818614-5.00010-2},
  DOI = {10.1016/b978-0-12-818614-5.00010-2},
  booktitle = {Bioimpedance and Spectroscopy},
  publisher = {Elsevier},
  author = {Metshein,  Margus},
  year = {2021},
  pages = {3–50}
}

@article{Vojtech2013,
  title = {Wearable Textile Electrodes for ECG Measurement},
  volume = {11},
  ISSN = {1336-1376},
  url = {http://dx.doi.org/10.15598/aeee.v11i5.889},
  DOI = {10.15598/aeee.v11i5.889},
  number = {5},
  journal = {Advances in Electrical and Electronic Engineering},
  publisher = {VSB - Technical University of Ostrava},
  author = {Vojtech,  Lukas and Bortel,  Radoslav and Neruda,  Marek and Kozak,  Milos},
  year = {2013},
  month = 11 
}

@article{Pani2018,
  title = {Survey on Textile Electrode Technologies for Electrocardiographic (ECG) Monitoring,  from Metal Wires to Polymers},
  volume = {3},
  ISSN = {2365-709X},
  url = {http://dx.doi.org/10.1002/admt.201800008},
  DOI = {10.1002/admt.201800008},
  number = {10},
  journal = {Advanced Materials Technologies},
  publisher = {Wiley},
  author = {Pani,  Danilo and Achilli,  Andrea and Bonfiglio,  Annalisa},
  year = {2018},
  month = 6 
}

@article{Xu2020,
  title = {Washable and flexible screen printed graphene electrode on textiles for wearable healthcare monitoring},
  volume = {53},
  ISSN = {1361-6463},
  url = {http://dx.doi.org/10.1088/1361-6463/ab5f4a},
  DOI = {10.1088/1361-6463/ab5f4a},
  number = {12},
  journal = {Journal of Physics D: Applied Physics},
  publisher = {IOP Publishing},
  author = {Xu,  Xiaowen and Luo,  Meng and He,  Pei and Yang,  Junliang},
  year = {2020},
  month = 1,
  pages = {125402}
}

@article{Paul2015,
  title = {Novel active electrodes for ECG monitoring on woven textiles fabricated by screen and stencil printing},
  volume = {221},
  ISSN = {0924-4247},
  url = {http://dx.doi.org/10.1016/j.sna.2014.10.030},
  DOI = {10.1016/j.sna.2014.10.030},
  journal = {Sensors and Actuators A: Physical},
  publisher = {Elsevier BV},
  author = {Paul,  Gordon and Torah,  Russel and Beeby,  Steve and Tudor,  John},
  year = {2015},
  month = 1,
  pages = {60–66}
}

@inproceedings{Mestrovic2007,
  title = {Preliminary study of dry knitted fabric electrodes for physiological monitoring},
  url = {http://dx.doi.org/10.1109/ISSNIP.2007.4496911},
  DOI = {10.1109/issnip.2007.4496911},
  booktitle = {2007 3rd International Conference on Intelligent Sensors,  Sensor Networks and Information},
  publisher = {IEEE},
  author = {Mestrovic,  Michael A and Helmer,  Richard J. N. and Kyratzis,  Louis and Kumar,  Dinesh},
  year = {2007}
}

@article{Fobelets2023,
  title = {Knitted ECG Electrodes in Relaxed Fitting Garments},
  volume = {23},
  ISSN = {2379-9153},
  url = {http://dx.doi.org/10.1109/JSEN.2023.3236723},
  DOI = {10.1109/jsen.2023.3236723},
  number = {5},
  journal = {IEEE Sensors Journal},
  publisher = {Institute of Electrical and Electronics Engineers (IEEE)},
  author = {Fobelets,  Kristel and Hammour,  Ghena and Thielemans,  Kris},
  year = {2023},
  month = 3,
  pages = {5263–5269}
}

@article{PrezRiera2017,
  title = {Main artifacts in electrocardiography},
  volume = {23},
  ISSN = {1542-474X},
  url = {http://dx.doi.org/10.1111/anec.12494},
  DOI = {10.1111/anec.12494},
  number = {2},
  journal = {Annals of Noninvasive Electrocardiology},
  publisher = {Wiley},
  author = {Pérez‐Riera,  Andrés Ricardo and Barbosa‐Barros,  Raimundo and Daminello‐Rai-mundo,  Rodrigo and de Abreu,  Luiz Carlos},
  year = {2017},
  month = 9
}

@article{Littmann2021,
  title = {Electrocardiographic artifact},
  volume = {64},
  ISSN = {0022-0736},
  url = {http://dx.doi.org/10.1016/j.jelectrocard.2020.11.006},
  DOI = {10.1016/j.jelectrocard.2020.11.006},
  journal = {Journal of Electrocardiology},
  publisher = {Elsevier BV},
  author = {Littmann,  Laszlo},
  year = {2021},
  month = 1,
  pages = {23–29}
}

@misc{Romero2018,
  doi = {10.48550/ARXIV.1807.11359},
  url = {https://arxiv.org/abs/1807.11359},
  author = {Romero,  Francisco Perdigon and Romaguera,  Liset Vazquez and Vázquez-Seisdedos,  Carlos Román and Filho,  Cícero Ferreira Fernandes Costa and Costa,  Marly Guimarães Fernandes and Neto,  João Evangelista},
  keywords = {Signal Processing (eess.SP),  FOS: Electrical engineering,  electronic engineering,  information engineering,  FOS: Electrical engineering,  electronic engineering,  information engineering},
  title = {Baseline wander removal methods for ECG signals: A comparative study},
  publisher = {arXiv},
  year = {2018},
  copyright = {arXiv.org perpetual,  non-exclusive license}
}

@inproceedings{Kaur2011,
  series = {ICWET ’11},
  title = {Comparison of different approaches for removal of baseline wander from ECG signal},
  url = {http://dx.doi.org/10.1145/1980022.1980307},
  DOI = {10.1145/1980022.1980307},
  booktitle = {Proceedings of the International Conference &amp; Workshop on Emerging Trends in Technology - ICWET ’11},
  publisher = {ACM Press},
  author = {Kaur,  M. and Singh,  B. and Seema},
  year = {2011},
  collection = {ICWET ’11}
}

@misc{Mauvila_2018, 
    title={Ecg Artifacts}, 
    url={http://mauvila.com/}, 
    journal={Mauvila}, 
    year={2018}
} 

@book{garcia201512,
  title={12-lead ECG: The Art of Interpretation},
  author={Garcia, T.B.},
  isbn={9780763773519},
  lccn={2013029723},
  series={G - Reference,Information and Interdisciplinary Subjects Series},
  url={https://books.google.cz/books?id=svJMEAAAQBAJ},
  year={2015},
  publisher={Jones \& Bartlett Learning}
}

@misc{Blahút_2017a, 
    title={EKG Elektródy a EKG Zvody}, 
    url={https://www.techmed.sk/ekg-elektrody-a-ekg-zvody/}, 
    journal={TECHmED}, 
    publisher={TECHmED}, 
    author={Blahút, Peter}, 
    year={2017}, 
    month=9
} 

@misc{Blahút_2017b, 
    title={Určenie elektrickej osi srdca}, 
    url={https://www.techmed.sk/urcenie-elektrickej-osi-srdca/}, 
    journal={TECHmED}, 
    publisher={TECHmED}, 
    author={Blahút, Peter}, 
    year={2017}, 
    month=9
} 

@misc{Cadogan_2022, 
    title={ECG lead positioning}, 
    url={https://litfl.com/ecg-lead-positioning/}, 
    journal={Life in the Fast Lane • LITFL}, 
    author={Cadogan, Mike}, 
    year={2022}, 
    month=1
}

@article{Thakor1980,
  title = {Ground-Free ECG Recording with Two Electrodes},
  volume = {BME-27},
  ISSN = {1558-2531},
  url = {http://dx.doi.org/10.1109/TBME.1980.326595},
  DOI = {10.1109/tbme.1980.326595},
  number = {12},
  journal = {IEEE Transactions on Biomedical Engineering},
  publisher = {Institute of Electrical and Electronics Engineers (IEEE)},
  author = {Thakor,  Nitish V. and Webster,  John G.},
  year = {1980},
  month = 12,
  pages = {699–704}
}

@article{Huhta1973,
  title = {60-Hz Interference in Electrocardiography},
  volume = {BME-20},
  ISSN = {0018-9294},
  url = {http://dx.doi.org/10.1109/TBME.1973.324169},
  DOI = {10.1109/tbme.1973.324169},
  number = {2},
  journal = {IEEE Transactions on Biomedical Engineering},
  publisher = {Institute of Electrical and Electronics Engineers (IEEE)},
  author = {Huhta,  James C. and Webster,  John G.},
  year = {1973},
  month = 3,
  pages = {91–101}
}

@inproceedings{Gilani2018,
  title = {Power line noise removal from ECG signal using notch,  band stop and adaptive filters},
  url = {http://dx.doi.org/10.23919/ELINFOCOM.2018.8330569},
  DOI = {10.23919/elinfocom.2018.8330569},
  booktitle = {2018 International Conference on Electronics,  Information,  and Communication (ICEIC)},
  publisher = {IEEE},
  author = {Gilani,  Syed Omer and Ilyas,  Yasir and Jamil,  Mohsin},
  year = {2018},
  month = 1 
}

@article{Li2020,
  title = {A Survey of Heart Anomaly Detection Using Ambulatory Electrocardiogram (ECG)},
  volume = {20},
  ISSN = {1424-8220},
  url = {http://dx.doi.org/10.3390/s20051461},
  DOI = {10.3390/s20051461},
  number = {5},
  journal = {Sensors},
  publisher = {MDPI AG},
  author = {Li,  Hongzu and Boulanger,  Pierre},
  year = {2020},
  month = 3,
  pages = {1461}
}

@inproceedings{Tong,
  series = {IEMBS-02},
  title = {Adaptive reduction of motion artifact in the electrocardiogram},
  url = {http://dx.doi.org/10.1109/IEMBS.2002.1106451},
  DOI = {10.1109/iembs.2002.1106451},
  booktitle = {Proceedings of the Second Joint 24th Annual Conference and the Annual Fall Meeting of the Biomedical Engineering Society] [Engineering in Medicine and Biology},
  publisher = {IEEE},
  author = {Tong,  D.A. and Bartels,  K.A. and Honeyager,  K.S.},
  collection = {IEMBS-02}
}

@inproceedings{Kirst2011,
  title = {Using DWT for ECG motion artifact reduction with noise-correlating signals},
  url = {http://dx.doi.org/10.1109/IEMBS.2011.6091190},
  DOI = {10.1109/iembs.2011.6091190},
  booktitle = {2011 Annual International Conference of the IEEE Engineering in Medicine and Biology Society},
  publisher = {IEEE},
  author = {Kirst,  M. and Glauner,  B. and Ottenbacher,  J.},
  year = {2011},
  month = 8 
}

@inbook{Euan_Niebauer_2004, 
    place={London, UK}, 
    title={Conquering the ECG}, 
    url = {https://www.ncbi.nlm.nih.gov/books/NBK2214/},
    booktitle={Cardiology Explained}, 
    publisher={Remedica}, 
    author={Euan, Ashley A. and Niebauer, Josef}, year={2004}, 
    pages={15–34}
} 

@book{Minsky1969-vq,
  title     = "Perceptrons",
  author    = "Minsky, Marvin and Papert, Seymour",
  publisher = "MIT Press",
  month     =  2,
  year      =  1969,
  address   = "London, England"
}

@inbook{Zou2008,
  title = {Overview of Artificial Neural Networks},
  ISBN = {9781603271011},
  ISSN = {1940-6029},
  url = {http://dx.doi.org/10.1007/978-1-60327-101-1_2},
  DOI = {10.1007/978-1-60327-101-1_2},
  booktitle = {Artificial Neural Networks},
  publisher = {Humana Press},
  author = {Zou,  Jinming and Han,  Yi and So,  Sung-Sau},
  year = {2008},
  pages = {14–22}
}

@article{Darji2013,
  title = {Artificial neural network-based classification of body movements in ambulatory ECG signal},
  volume = {37},
  ISSN = {1464-522X},
  url = {http://dx.doi.org/10.3109/03091902.2013.839750},
  DOI = {10.3109/03091902.2013.839750},
  number = {8},
  journal = {Journal of Medical Engineering &amp; Technology},
  publisher = {Informa UK Limited},
  author = {Darji,  Sachin T. and Kher,  Rahul K.},
  year = {2013},
  month = 10,
  pages = {535–540}
}

@book{yegnanarayana2009artificial,
  title={Artificial neural networks},
  author={Yegnanarayana, Bayya},
  year={2009},
  publisher={PHI Learning Pvt. Ltd.}
}

@book{mehrotra1997elements,
  title={Elements of artificial neural networks},
  author={Mehrotra, Kishan and Mohan, Chilukuri K and Ranka, Sanjay},
  year={1997},
  publisher={MIT press}
}

@article{Sakib2019,
  title = {An Overview of Convolutional Neural Network: Its Architecture and Applications},
  url = {http://dx.doi.org/10.20944/preprints201811.0546.v4},
  DOI = {10.20944/preprints201811.0546.v4},
  publisher = {MDPI AG},
  author = {Sakib,  Shadman and Ahmed,  Nazib and Kabir,  Ahmed Jawad and Ahmed,  Hridon},
  year = {2019},
  month = 2 
}

@article{Zhang2019,
  title = {A Cascaded Convolutional Neural Network for Assessing Signal Quality of Dynamic ECG},
  volume = {2019},
  ISSN = {1748-6718},
  url = {http://dx.doi.org/10.1155/2019/7095137},
  DOI = {10.1155/2019/7095137},
  journal = {Computational and Mathematical Methods in Medicine},
  publisher = {Hindawi Limited},
  author = {Zhang,  Qifei and Fu,  Lingjian and Gu,  Linyue},
  year = {2019},
  month = 10,
  pages = {1–12}
}

@inproceedings{Aloysius2017,
  title = {A review on deep convolutional neural networks},
  url = {http://dx.doi.org/10.1109/iccsp.2017.8286426},
  DOI = {10.1109/iccsp.2017.8286426},
  booktitle = {2017 International Conference on Communication and Signal Processing (ICCSP)},
  publisher = {IEEE},
  author = {Aloysius,  Neena and Geetha,  M.},
  year = {2017},
  month = 4 
}

@inproceedings{Albawi2017,
  author={Albawi, Saad and Mohammed, Tareq Abed and Al-Zawi, Saad},
  booktitle={2017 International Conference on Engineering and Technology (ICET)}, 
  title={Understanding of a convolutional neural network}, 
  year={2017},
  volume={},
  number={},
  pages={1-6},
  keywords={Convolution;Neurons;Convolutional neural networks;Feature extraction;Image edge detection;machine learning;artificial neural networks;deep learning;convolutional neural networks;computer vision;Image recognition},
  doi={10.1109/ICEngTechnol.2017.8308186}}

@phdthesis{mohamed2017,
    author = {S. Mohamed, Ihab},
    year = {2017},
    month = {09},
    pages = {},
    title = {Detection and Tracking of Pallets using a Laser Rangefinder and Machine Learning Techniques},
    doi = {10.13140/RG.2.2.30795.69926}
}

@inproceedings{boljanic2022,
    author = {Boljanić, Tanja and Malešević, Jovana and Kvascev, Goran},
    year = {2022},
    month = {06},
    pages = {},
    title = {Deep Neural Network Approach for Artifact Detection in Raw ECG}
}

@article{Hochreiter1998,
  title = {The Vanishing Gradient Problem During Learning Recurrent Neural Nets  and Problem Solutions},
  volume = {06},
  ISSN = {1793-6411},
  url = {http://dx.doi.org/10.1142/S0218488598000094},
  DOI = {10.1142/s0218488598000094},
  number = {02},
  journal = {International Journal of Uncertainty,  Fuzziness and Knowledge-Based Systems},
  publisher = {World Scientific Pub Co Pte Lt},
  author = {Hochreiter,  Sepp},
  year = {1998},
  month = 4,
  pages = {107–116}
}

@misc{Staudemeyer2019,
  doi = {10.48550/ARXIV.1909.09586},
  url = {https://arxiv.org/abs/1909.09586},
  author = {Staudemeyer,  Ralf C. and Morris,  Eric Rothstein},
  keywords = {Neural and Evolutionary Computing (cs.NE),  Computation and Language (cs.CL),  Machine Learning (cs.LG),  FOS: Computer and information sciences,  FOS: Computer and information sciences},
  title = {Understanding LSTM -- a tutorial into Long Short-Term Memory Recurrent Neural Networks},
  publisher = {arXiv},
  year = {2019},
  copyright = {arXiv.org perpetual,  non-exclusive license}
}

@article{Yu2019,
  title = {A Review of Recurrent Neural Networks: LSTM Cells and Network Architectures},
  volume = {31},
  ISSN = {1530-888X},
  url = {http://dx.doi.org/10.1162/neco_a_01199},
  DOI = {10.1162/neco_a_01199},
  number = {7},
  journal = {Neural Computation},
  publisher = {MIT Press - Journals},
  author = {Yu,  Yong and Si,  Xiaosheng and Hu,  Changhua and Zhang,  Jianxun},
  year = {2019},
  month = 7,
  pages = {1235–1270}
}

@article{Milanesi2007,
  title = {Independent component analysis applied to the removal of motion artifacts from electrocardiographic signals},
  volume = {46},
  ISSN = {1741-0444},
  url = {http://dx.doi.org/10.1007/s11517-007-0293-8},
  DOI = {10.1007/s11517-007-0293-8},
  number = {3},
  journal = {Medical &amp; Biological Engineering &amp; Computing},
  publisher = {Springer Science and Business Media LLC},
  author = {Milanesi,  M. and Martini,  N. and Vanello,  N. and Positano,  V. and Santarelli,  M. F. and Landini,  L.},
  year = {2007},
  month = 12,
  pages = {251–261}
}

@inproceedings{Bhoraniya2014,
  title = {Motion artifacts extraction using dwt from ambulatory ECG (A-ECG)},
  url = {http://dx.doi.org/10.1109/ICCSP.2014.6950112},
  DOI = {10.1109/iccsp.2014.6950112},
  booktitle = {2014 International Conference on Communication and Signal Processing},
  publisher = {IEEE},
  author = {Bhoraniya,  Dixit V and Kher,  Rahul K},
  year = {2014},
  month = 4 
}

@misc{Lecture_SVM, 
    title = {Lecture 9: SVM},
    url={https://www.cs.cornell.edu/courses/cs4780/2018fa/lectures/lecturenote09.html}, 
    journal={Lecture 9: SVM}
} 

@inbook{Suthaharan2016,
  title = {Support Vector Machine},
  ISBN = {9781489976413},
  ISSN = {2197-7968},
  url = {http://dx.doi.org/10.1007/978-1-4899-7641-3_9},
  DOI = {10.1007/978-1-4899-7641-3_9},
  booktitle = {Integrated Series in Information Systems},
  publisher = {Springer US},
  author = {Suthaharan,  Shan},
  year = {2016},
  pages = {207–235}
}

@article{Cristianini_Scholkopf_2002, 
    title={Support Vector Machines and Kernel Methods: The New Generation of Learning Machines}, 
    volume={23}, 
    url={https://ojs.aaai.org/aimagazine/index.php/aimagazine/article/view/1655}, 
    DOI={10.1609/aimag.v23i3.1655},  
    number={3}, 
    journal={AI Magazine}, 
    author={Cristianini, Nello and Scholkopf, Bernhard}, 
    year={2002}, 
    month={9}, 
    pages={31} 
}

@inbook{Castao2017,
  title = {Motion Artifacts Recognition in Electrocardiographic Signals through Artificial Neural Networks and Support Vector Machines for Personalized Health Monitoring},
  ISBN = {9789811040863},
  ISSN = {1433-9277},
  url = {http://dx.doi.org/10.1007/978-981-10-4086-3_107},
  DOI = {10.1007/978-981-10-4086-3_107},
  booktitle = {IFMBE Proceedings},
  publisher = {Springer Singapore},
  author = {Castaño,  F. A. and Hernández,  A. M.},
  year = {2017},
  pages = {425–428}
}

@article{Kher2015,
  title = {Physical activities recognition from ambulatory ECG signals using neuro-fuzzy classifiers and support vector machines},
  volume = {39},
  ISSN = {1464-522X},
  url = {http://dx.doi.org/10.3109/03091902.2014.998372},
  DOI = {10.3109/03091902.2014.998372},
  number = {2},
  journal = {Journal of Medical Engineering &amp; Technology},
  publisher = {Informa UK Limited},
  author = {Kher,  Rahul and Pawar,  Tanmay and Thakar,  Vishvjit and Shah,  Hitesh},
  year = {2015},
  month = 1,
  pages = {138–152}
}

@misc{Analog_Devices, 
    title = {AD8232},
    year={2020}, 
    url={https://www.analog.com/media/en/technical-documentation/data-sheets/ad8232.pdf}, 
    journal={Analog Devices}
} 

@misc{Sharvielectronics_2022, 
    title = {AD8232 Heart ECG Monitor Sensor Module},
    journal={Sharvielectronics}, 
    year={2022}, 
    month=8
} 

@misc{grandini2020metrics,
      title={Metrics for Multi-Class Classification: an Overview}, 
      author={Margherita Grandini and Enrico Bagli and Giorgio Visani},
      year={2020},
      eprint={2008.05756},
      archivePrefix={arXiv},
      primaryClass={stat.ML}
}